@article{zhou2016deep,
  title={Deep recurrent models with fast-forward connections for neural machine translation},
  author={Zhou, Jie and Cao, Ying and Wang, Xuguang and Li, Peng and Xu, Wei},
  journal={arXiv preprint arXiv:1606.04199},
  year={2016}
}

@article{cho2014learning,
  title={Learning phrase representations using RNN encoder-decoder for statistical machine translation},
  author={Cho, Kyunghyun and Van Merri{\"e}nboer, Bart and Gulcehre, Caglar and Bahdanau, Dzmitry and Bougares, Fethi and Schwenk, Holger and Bengio, Yoshua},
  journal={arXiv preprint arXiv:1406.1078},
  year={2014}
}

@inproceedings{kalchbrenner2013recurrent,
  title={Recurrent Continuous Translation Models.},
  author={Kalchbrenner, Nal and Blunsom, Phil},
  booktitle={EMNLP},
  volume={3},
  number={39},
  pages={413},
  year={2013}
}

@inproceedings{sutskever2014sequence,
  title={Sequence to sequence learning with neural networks},
  author={Sutskever, Ilya and Vinyals, Oriol and Le, Quoc V},
  booktitle={Advances in neural information processing systems},
  pages={3104--3112},
  year={2014}
}

@article{lettice2003long,
  title={A long-range Shh enhancer regulates expression in the developing limb and fin and is associated with preaxial polydactyly},
  author={Lettice, Laura A and Heaney, Simon JH and Purdie, Lorna A and Li, Li and de Beer, Philippe and Oostra, Ben A and Goode, Debbie and Elgar, Greg and Hill, Robert E and de Graaff, Esther},
  journal={Human molecular genetics},
  volume={12},
  number={14},
  pages={1725--1735},
  year={2003},
  publisher={Oxford Univ Press}
}

@article{maurano2012systematic,
  title={Systematic localization of common disease-associated variation in regulatory DNA},
  author={Maurano, Matthew T and Humbert, Richard and Rynes, Eric and Thurman, Robert E and Haugen, Eric and Wang, Hao and Reynolds, Alex P and Sandstrom, Richard and Qu, Hongzhu and Brody, Jennifer and others},
  journal={Science},
  volume={337},
  number={6099},
  pages={1190--1195},
  year={2012},
  publisher={American Association for the Advancement of Science}
}

@article{zhou2015predicting,
  title={Predicting effects of noncoding variants with deep learning-based sequence model},
  author={Zhou, Jian and Troyanskaya, Olga G},
  journal={Nature methods},
  volume={12},
  number={10},
  pages={931--934},
  year={2015},
  publisher={Nature Publishing Group}
}

@article{quang2016danq,
  title={DanQ: a hybrid convolutional and recurrent deep neural network for quantifying the function of DNA sequences},
  author={Quang, Daniel and Xie, Xiaohui},
  journal={Nucleic acids research},
  pages={gkw226},
  year={2016},
  publisher={Oxford Univ Press}
}

@article{Horchreiter,
title={Long Short-Term Memory},
author={Horchreiter, Sepp and Schmidhuber, J\"{u}rgen},
journal={Neural Computation},
pages={1735-1780},
year={1997},
publisher={}
}
@article{kircher2014general,
  title={A general framework for estimating the relative pathogenicity of human genetic variants},
  author={Kircher, Martin and Witten, Daniela M and Jain, Preti and Oâ€™Roak, Brian J and Cooper, Gregory M and Shendure, Jay},
  journal={Nature genetics},
  volume={46},
  number={3},
  pages={310},
  year={2014},
  publisher={NIH Public Access}
}

@incollection{caruana1998multitask,
  title={Multitask learning},
  author={Caruana, Rich},
  booktitle={Learning to learn},
  pages={95--133},
  year={1998},
  publisher={Springer}
}

@article{BRNN,
title={Bidirectional Recurrent Neural Networks},
author={Mike Schuster and Kuldip K. Paliwal},
journal={IEEE TRANSACTIONS ON SIGNAL PROCESSING},
pages={2673-2681},
year={1997},
publisher={}
}

@article{jaspar,
  title={JASPAR 2016: a major expansion and update of the open-access database of transcription factor binding profiles},
  author={Mathelier, Anthony and Fornes, Oriol and Arenillas, David J and Chen, Chih-yu and Denay, Gr{\'e}goire and Lee, Jessica and Shi, Wenqiang and Shyr, Casper and Tan, Ge and Worsley-Hunt, Rebecca and others},
  journal={Nucleic acids research},
  pages={gkv1176},
  year={2015},
  publisher={Oxford Univ Press}
}


@article{wang2012sequence,
  title={Sequence features and chromatin structure around the genomic regions bound by 119 human transcription factors},
  author={Wang, Jie and Zhuang, Jiali and Iyer, Sowmya and Lin, XinYing and Whitfield, Troy W and Greven, Melissa C and Pierce, Brian G and Dong, Xianjun and Kundaje, Anshul and Cheng, Yong and others},
  journal={Genome research},
  volume={22},
  number={9},
  pages={1798--1812},
  year={2012},
  publisher={Cold Spring Harbor Lab}
}

@article{ghandi2014enhanced,
  title={Enhanced regulatory sequence prediction using gapped k-mer features},
  author={Ghandi, Mahmoud and Lee, Dongwon and Mohammad-Noori, Morteza and Beer, Michael A},
  journal={PLoS Comput Biol},
  volume={10},
  number={7},
  pages={e1003711},
  year={2014},
  publisher={Public Library of Science}
}
@article{choi2002analysis,
  title={Analysis of common k-mers for whole genome sequences using SSB-tree},
  author={Choi, Jeong-Hyeon and Cho, Hwan-Gue},
  journal={Genome Informatics},
  volume={13},
  pages={30--41},
  year={2002},
  publisher={Japanese Society for Bioinformatics}
}
@article{lee2016ls,
  title={LS-GKM: a new gkm-SVM for large-scale datasets},
  author={Lee, Dongwon},
  journal={Bioinformatics},
  pages={btw142},
  year={2016},
  publisher={Oxford Univ Press}
}

@article{kelley2016basset,
  title={Basset: Learning the regulatory code of the accessible genome with deep convolutional neural networks},
  author={Kelley, David R and Snoek, Jasper and Rinn, John L},
  journal={Genome research},
  year={2016},
  publisher={Cold Spring Harbor Lab}
}

@article{deepBind,
  title={Predicting the sequence specificities of DNA-and RNA-binding proteins by deep learning},
  author={Alipanahi, Babak and Delong, Andrew and Weirauch, Matthew T and Frey, Brendan J},
  journal={Nature biotechnology},
  year={2015},
  publisher={Nature Publishing Group}
}

@article{encode2012integrated,
  title={An integrated encyclopedia of DNA elements in the human genome},
  author={ENCODE Project Consortium and others},
  journal={Nature},
  volume={489},
  number={7414},
  pages={57--74},
  year={2012},
  publisher={Nature Publishing Group}
}

@article{ramsundar2015massively,
  title={Massively multitask networks for drug discovery},
  author={Ramsundar, Bharath and Kearnes, Steven and Riley, Patrick and Webster, Dale and Konerding, David and Pande, Vijay},
  journal={arXiv preprint arXiv:1502.02072},
  year={2015}
}
@inproceedings{collobert2008unified,
  title={A unified architecture for natural language processing: Deep neural networks with multitask learning},
  author={Collobert, Ronan and Weston, Jason},
  booktitle={Proceedings of the 25th international conference on Machine learning},
  pages={160--167},
  year={2008},
  organization={ACM}
}

@article{kundaje2015integrative,
  title={Integrative analysis of 111 reference human epigenomes},
  author={Kundaje, Anshul and Meuleman, Wouter and Ernst, Jason and Bilenky, Misha and Yen, Angela and Heravi-Moussavi, Alireza and Kheradpour, Pouya and Zhang, Zhizhuo and Wang, Jianrong and Ziller, Michael J and others},
  journal={Nature},
  volume={518},
  number={7539},
  pages={317--330},
  year={2015},
  publisher={Nature Publishing Group}
}

@article{koutnik2014clockwork,
  title={A clockwork rnn},
  author={Koutnik, Jan and Greff, Klaus and Gomez, Faustino and Schmidhuber, Juergen},
  journal={arXiv preprint arXiv:1402.3511},
  year={2014}
}